OG: https://scholar.google.com/scholar_lookup?journal=Proceedings+of+the+Second+International+Conference+on+Autonomous+Agents\&title=Frontier-based+exploration+using+multiple+robots&author=B.+Yamauchi&pages=47-53&

RRT Frontiers https://ieeexplore.ieee.org/document/8202319

https://inria.hal.science/hal-00757960/document

@article{rtabmap,
  title={RTAB-Map as an open-source lidar and visual simultaneous localization and mapping library for large-scale and long-term online operation},
  author={Labb{\'e}, Mathieu and Michaud, Fran{\c{c}}ois},
  journal={Journal of Field Robotics},
  volume={36},
  number={2},
  pages={416--446},
  year={2019},
  publisher={Wiley Online Library}
}

@INPROCEEDINGS{frontier_based,
  author={Yamauchi, B.},
  booktitle={Proceedings 1997 IEEE International Symposium on Computational Intelligence in Robotics and Automation CIRA'97. 'Towards New Computational Principles for Robotics and Automation'}, 
  title={A frontier-based approach for autonomous exploration}, 
  year={1997},
  volume={},
  number={},
  pages={146-151},
  doi={10.1109/CIRA.1997.613851}}

@INPROCEEDINGS{rrt_exploration,
  author={Umari, Hassan and Mukhopadhyay, Shayok},
  booktitle={2017 IEEE/RSJ International Conference on Intelligent Robots and Systems (IROS)}, 
  title={Autonomous robotic exploration based on multiple rapidly-exploring randomized trees}, 
  year={2017},
  volume={},
  number={},
  pages={1396-1402},
  doi={10.1109/IROS.2017.8202319}}

@article{fast_marching,
author = {Valero-Gomez, Alberto and GÃ³mez, Javier and Garrido, Santiago and Moreno, Luis},
year = {2013},
month = {12},
pages = {111 - 120},
title = {Fast Marching Methods in Path Planning},
volume = {20},
journal = {IEEE Robotics \&amp amp amp Automation Magazine}
}

@article{path_planning_review,
title = {Path planning techniques for mobile robots: Review and prospect},
journal = {Expert Systems with Applications},
volume = {227},
pages = {120254},
year = {2023},
issn = {0957-4174},
doi = {https://doi.org/10.1016/j.eswa.2023.120254},
url = {https://www.sciencedirect.com/science/article/pii/S095741742300756X},
author = {Lixing Liu and Xu Wang and Xin Yang and Hongjie Liu and Jianping Li and Pengfei Wang},
keywords = {Path planning, Mobile robots, Key technologies, Algorithms}}

@misc{rrt_star,
      title={Sampling-based Algorithms for Optimal Motion Planning}, 
      author={Sertac Karaman and Emilio Frazzoli},
      year={2011},
      eprint={1105.1186},
      archivePrefix={arXiv},
      primaryClass={cs.RO}
}

@ARTICLE{q_learning,
  author={Zhu, Kai and Zhang, Tao},
  journal={Tsinghua Science and Technology}, 
  title={Deep reinforcement learning based mobile robot navigation: A review}, 
  year={2021},
  volume={26},
  number={5},
  pages={674-691},
  doi={10.26599/TST.2021.9010012}
}

@InProceedings{allocation,
author="Faigl, Jan
and Simonin, Olivier
and Charpillet, Francois",
editor="Bulling, Nils",
title="Comparison of Task-Allocation Algorithms in Frontier-Based Multi-robot Exploration",
booktitle="Multi-Agent Systems",
year="2015",
publisher="Springer International Publishing",
address="Cham",
pages="101--110",
isbn="978-3-319-17130-2"
}

@article{pure_pursuit,
  title={A review of some pure-pursuit based path tracking techniques for control of autonomous vehicle},
  author={Samuel, Moveh and Hussein, Mohamed and Mohamad, Maziah Binti},
  journal={International Journal of Computer Applications},
  volume={135},
  number={1},
  pages={35--38},
  year={2016},
  publisher={Foundation of Computer Science}
}

@online{rtabmapforum,
    author = {{RTAB-Map Forum}},
    title = {Realtime Map Merger Improvements},
    year = {2023},
    url = {http://official-rtab-map-forum.206.s1.nabble.com/Realtime-Map-Merger-Improvements-td8200.html#a8444},
    urldate = {2023},
}

@article{macario2022comprehensive,
  title={A comprehensive survey of visual slam algorithms},
  author={Macario Barros, Andr{\'e}a and Michel, Maugan and Moline, Yoann and Corre, Gwenol{\'e} and Carrel, Fr{\'e}d{\'e}rick},
  journal={Robotics},
  volume={11},
  number={1},
  pages={24},
  year={2022},
  publisher={MDPI}
}

@article{lajoie2021towards,
  title={Towards collaborative simultaneous localization and mapping: a survey of the current research landscape},
  author={Lajoie, Pierre-Yves and Ramtoula, Benjamin and Wu, Fang and Beltrame, Giovanni},
  journal={arXiv preprint arXiv:2108.08325},
  year={2021}
}

@article{denniston2022loop,
  title={Loop closure prioritization for efficient and scalable multi-robot SLAM},
  author={Denniston, Christopher E and Chang, Yun and Reinke, Andrzej and Ebadi, Kamak and Sukhatme, Gaurav S and Carlone, Luca and Morrell, Benjamin and Agha-mohammadi, Ali-akbar},
  journal={IEEE Robotics and Automation Letters},
  volume={7},
  number={4},
  pages={9651--9658},
  year={2022},
  publisher={IEEE}
}

@inproceedings{schmuck2021covins,
  title={Covins: Visual-inertial slam for centralized collaboration},
  author={Schmuck, Patrik and Ziegler, Thomas and Karrer, Marco and Perraudin, Jonathan and Chli, Margarita},
  booktitle={2021 IEEE International Symposium on Mixed and Augmented Reality Adjunct (ISMAR-Adjunct)},
  pages={171--176},
  year={2021},
  organization={IEEE}
}

@article{galvez2012bags,
  title={Bags of binary words for fast place recognition in image sequences},
  author={G{\'a}lvez-L{\'o}pez, Dorian and Tardos, Juan D},
  journal={IEEE Transactions on Robotics},
  volume={28},
  number={5},
  pages={1188--1197},
  year={2012},
  publisher={IEEE}
}

@inproceedings{arandjelovic2016netvlad,
  title={NetVLAD: CNN architecture for weakly supervised place recognition},
  author={Arandjelovic, Relja and Gronat, Petr and Torii, Akihiko and Pajdla, Tomas and Sivic, Josef},
  booktitle={Proceedings of the IEEE conference on computer vision and pattern recognition},
  pages={5297--5307},
  year={2016}
}

@inproceedings{uy2018pointnetvlad,
  title={Pointnetvlad: Deep point cloud based retrieval for large-scale place recognition},
  author={Uy, Mikaela Angelina and Lee, Gim Hee},
  booktitle={Proceedings of the IEEE conference on computer vision and pattern recognition},
  pages={4470--4479},
  year={2018}
}

@article{ebadi2021dare,
  title={DARE-SLAM: Degeneracy-aware and resilient loop closing in perceptually-degraded environments},
  author={Ebadi, Kamak and Palieri, Matteo and Wood, Sally and Padgett, Curtis and Agha-mohammadi, Ali-akbar},
  journal={Journal of Intelligent \& Robotic Systems},
  volume={102},
  pages={1--25},
  year={2021},
  publisher={Springer}
}

@online{turtlebot3-simulation,
    author = "ROBOTIS",
    title = "TurtleBot3 Simulation",
    year = "Access: 2023",
    url = "https://emanual.robotis.com/docs/en/platform/turtlebot3/simulation/#gazebo-simulation"
}

@article{guennebaud2010eigen,
  title={Eigen},
  author={Guennebaud, Ga{\"e}l and Jacob, Benoit and others},
  journal={URl: http://eigen. tuxfamily. org},
  volume={3},
  number={1},
  year={2010}
}

@article{blanco2017nanoflann,
  title={nanoflann: a C++ header-only fork of FLANN, a library for nearest neighbor (NN) with KD-trees, 2014},
  author={Blanco, JL and Rai, PK},
  journal={URL: https://github. com/jlblancoc/nanoflann},
  year={2017}
}






